<record><leader>00000cas a2200000 a 4500</leader><controlfield tag="001">14511134</controlfield><controlfield tag="008">861023d19041918iauwr ne      0    0eng c</controlfield><datafield ind1=" " ind2=" " tag="010"><subfield code="a">sn 86060311 </subfield></datafield><datafield ind1=" " ind2=" " tag="040"><subfield code="a">INP</subfield><subfield code="b">eng</subfield><subfield code="c">INP</subfield><subfield code="d">CVF</subfield><subfield code="d">OCLCQ</subfield></datafield><datafield ind1=" " ind2=" " tag="042"><subfield code="a">pcc</subfield></datafield><datafield ind1=" " ind2=" " tag="043"><subfield code="a">n-us-ia</subfield></datafield><datafield ind1="0" ind2="4" tag="245"><subfield code="a">The Blencoe herald.</subfield></datafield><datafield ind1=" " ind2=" " tag="260"><subfield code="a">Blencoe, Monona County, Iowa :</subfield><subfield code="b">T.E. Brown</subfield></datafield><datafield ind1=" " ind2=" " tag="300"><subfield code="a">v. :</subfield><subfield code="b">ill.</subfield></datafield><datafield ind1=" " ind2=" " tag="310"><subfield code="a">Weekly</subfield></datafield><datafield ind1="0" ind2=" " tag="362"><subfield code="a">Issued 1904-1918.</subfield><subfield code="z">Cf. Bibl. of Iowa newspapers.</subfield></datafield><datafield ind1=" " ind2=" " tag="500"><subfield code="a">Publisher varies.</subfield></datafield><datafield ind1=" " ind2=" " tag="588"><subfield code="a">Description based on: Vol. 3, no. 1 (Jan. 11, 1906).</subfield></datafield><datafield ind1=" " ind2=" " tag="752"><subfield code="a">United States</subfield><subfield code="b">Iowa</subfield><subfield code="c">Monona</subfield><subfield code="d">Blencoe.</subfield></datafield><datafield ind1="0" ind2="0" tag="780"><subfield code="t">Blencoe beacon</subfield></datafield><datafield ind1="0" ind2="4" tag="785"><subfield code="t">Onawa sentinel</subfield><subfield code="w">(DLC)sn 86061069</subfield></datafield></record>